%% This BibTeX bibliography file was created using BibDesk.
%% http://bibdesk.sourceforge.net/

%% Created for Harald Pretl at 2024-08-02 12:05:58 +0200 


%% Saved with string encoding Unicode (UTF-8) 



@phdthesis{Nagel_1975,
	author = {Nagel, Laurence W.},
	month = {May},
	number = {UCB/ERL M520},
	school = {EECS Department, University of California, Berkeley},
	title = {SPICE2: A Computer Program to Simulate Semiconductor Circuits},
	url = {http://www2.eecs.berkeley.edu/Pubs/TechRpts/1975/9602.html},
	year = {1975},
	bdsk-url-1 = {http://www2.eecs.berkeley.edu/Pubs/TechRpts/1975/9602.html}}

@book{Jespers_Murmann_2017,
	author = {Jespers, Paul G. A. and Murmann, Boris},
	place = {Cambridge},
	publisher = {Cambridge University Press},
	title = {Systematic Design of Analog CMOS Circuits: Using Pre-Computed Lookup Tables},
	year = {2017}}

@book{Chenming_Hu_2010,
	author = {Hu, Chenming},
	place = {Upper Saddle River},
	publisher = {Pearson},
	title = {Modern Semiconductor Devices for Integrated Circuits},
	year = {2010}}

@book{Tsividis_McAndrew_2011,
	author = {Tsividis, Yannis and McAndrew, Colin},
	place = {New York},
	publisher = {Oxford University Press},
	title = {Operation and Modeling of the MOS Transistor},
	year = {2011}}
